@inproceedings{Huang2DGS2024,
    title={2D Gaussian Splatting for Geometrically Accurate Radiance Fields},
    author={Huang, Binbin and Yu, Zehao and Chen, Anpei and Geiger, Andreas and Gao, Shenghua},
    publisher = {Association for Computing Machinery},
    booktitle = {SIGGRAPH 2024 Conference Papers},
    year      = {2024},
    doi       = {10.1145/3641519.3657428}
}

@misc{kerbl20233dgaussiansplattingrealtime,
      title={3D Gaussian Splatting for Real-Time Radiance Field Rendering}, 
      author={Bernhard Kerbl and Georgios Kopanas and Thomas Leimkühler and George Drettakis},
      year={2023},
      eprint={2308.04079},
      archivePrefix={arXiv},
      primaryClass={cs.GR},
      url={https://arxiv.org/abs/2308.04079}, 
}

@misc{zhang2018unreasonableeffectivenessdeepfeatures,
      title={The Unreasonable Effectiveness of Deep Features as a Perceptual Metric}, 
      author={Richard Zhang and Phillip Isola and Alexei A. Efros and Eli Shechtman and Oliver Wang},
      year={2018},
      eprint={1801.03924},
      archivePrefix={arXiv},
      primaryClass={cs.CV},
      url={https://arxiv.org/abs/1801.03924}, 
}

@misc{fang2024minisplatting2building360scenes,
      title={Mini-Splatting2: Building 360 Scenes within Minutes via Aggressive Gaussian Densification}, 
      author={Guangchi Fang and Bing Wang},
      year={2024},
      eprint={2411.12788},
      archivePrefix={arXiv},
      primaryClass={cs.CV},
      url={https://arxiv.org/abs/2411.12788}, 
}

@misc{yu2023mipsplattingaliasfree3dgaussian,
      title={Mip-Splatting: Alias-free 3D Gaussian Splatting}, 
      author={Zehao Yu and Anpei Chen and Binbin Huang and Torsten Sattler and Andreas Geiger},
      year={2023},
      eprint={2311.16493},
      archivePrefix={arXiv},
      primaryClass={cs.CV},
      url={https://arxiv.org/abs/2311.16493}, 
}

@misc{mildenhall2020nerfrepresentingscenesneural,
      title={NeRF: Representing Scenes as Neural Radiance Fields for View Synthesis}, 
      author={Ben Mildenhall and Pratul P. Srinivasan and Matthew Tancik and Jonathan T. Barron and Ravi Ramamoorthi and Ren Ng},
      year={2020},
      eprint={2003.08934},
      archivePrefix={arXiv},
      primaryClass={cs.CV},
      url={https://arxiv.org/abs/2003.08934}, 
}

@misc{chen2025survey3dgaussiansplatting,
      title={A Survey on 3D Gaussian Splatting}, 
      author={Guikun Chen and Wenguan Wang},
      year={2025},
      eprint={2401.03890},
      archivePrefix={arXiv},
      primaryClass={cs.CV},
      url={https://arxiv.org/abs/2401.03890}, 
}

@article{zwicker2002ewa,
  author= {Matthias Zwicker and Hanspeter Pfister and Jeroen van Baar and Markus Gross},
  title= {EWA Splatting},
  journal = {IEEE Transactions on Visualization and Computer Graphics},
  volume= {8},
  number= {3},
  year= {2002},
  month= {July-September},
  publisher= {IEEE}
}

@misc{lu2023scaffoldgsstructured3dgaussians,
      title={Scaffold-GS: Structured 3D Gaussians for View-Adaptive Rendering}, 
      author={Tao Lu and Mulin Yu and Linning Xu and Yuanbo Xiangli and Limin Wang and Dahua Lin and Bo Dai},
      year={2023},
      eprint={2312.00109},
      archivePrefix={arXiv},
      primaryClass={cs.CV},
      url={https://arxiv.org/abs/2312.00109}, 
}

@inbook{Chen_2024,
   title={MVSplat: Efficient 3D Gaussian Splatting from Sparse Multi-view Images},
   ISBN={9783031726644},
   ISSN={1611-3349},
   url={http://dx.doi.org/10.1007/978-3-031-72664-4_21},
   DOI={10.1007/978-3-031-72664-4_21},
   booktitle={Computer Vision – ECCV 2024},
   publisher={Springer Nature Switzerland},
   author={Chen, Yuedong and Xu, Haofei and Zheng, Chuanxia and Zhuang, Bohan and Pollefeys, Marc and Geiger, Andreas and Cham, Tat-Jen and Cai, Jianfei},
   year={2024},
}
@misc{nilsson2020understandingssim,
      title={Understanding SSIM}, 
      author={Jim Nilsson and Tomas Akenine-Möller},
      year={2020},
      eprint={2006.13846},
      archivePrefix={arXiv},
      primaryClass={eess.IV},
      url={https://arxiv.org/abs/2006.13846}, 
}

@misc{ververas2024sagsstructureaware3dgaussian,
      title={SAGS: Structure-Aware 3D Gaussian Splatting}, 
      author={Evangelos Ververas and Rolandos Alexandros Potamias and Jifei Song and Jiankang Deng and Stefanos Zafeiriou},
      year={2024},
      eprint={2404.19149},
      archivePrefix={arXiv},
      primaryClass={cs.CV},
      url={https://arxiv.org/abs/2404.19149}, 
}

@misc{chen2022tensorftensorialradiancefields,
      title={TensoRF: Tensorial Radiance Fields}, 
      author={Anpei Chen and Zexiang Xu and Andreas Geiger and Jingyi Yu and Hao Su},
      year={2022},
      eprint={2203.09517},
      archivePrefix={arXiv},
      primaryClass={cs.CV},
      url={https://arxiv.org/abs/2203.09517}, 
}

@misc{lu2024turbogsaccelerating3dgaussian,
      title={Turbo-GS: Accelerating 3D Gaussian Fitting for High-Quality Radiance Fields}, 
      author={Tao Lu and Ankit Dhiman and R Srinath and Emre Arslan and Angela Xing and Yuanbo Xiangli and R Venkatesh Babu and Srinath Sridhar},
      year={2024},
      eprint={2412.13547},
      archivePrefix={arXiv},
      primaryClass={cs.CV},
      url={https://arxiv.org/abs/2412.13547}, 
}

@ARTICLE{1284395,
  author={Zhou Wang and Bovik, A.C. and Sheikh, H.R. and Simoncelli, E.P.},
  journal={IEEE Transactions on Image Processing}, 
  title={Image quality assessment: from error visibility to structural similarity}, 
  year={2004},
  volume={13},
  number={4},
  pages={600-612},
  keywords={Image quality;Humans;Transform coding;Visual system;Visual perception;Data mining;Layout;Quality assessment;Degradation;Indexes},
  doi={10.1109/TIP.2003.819861}}

@article{Lawrence_2019,
   title={A Purely Algebraic Justification of the Kabsch-Umeyama Algorithm},
   volume={124},
   ISSN={2165-7254},
   url={http://dx.doi.org/10.6028/jres.124.028},
   DOI={10.6028/jres.124.028},
   journal={Journal of Research of the National Institute of Standards and Technology},
   publisher={National Institute of Standards and Technology (NIST)},
   author={Lawrence, Jim and Bernal, Javier and Witzgall, Christoph},
   year={2019},
   month=oct }

@misc{fan2016pointsetgenerationnetwork,
      title={A Point Set Generation Network for 3D Object Reconstruction from a Single Image}, 
      author={Haoqiang Fan and Hao Su and Leonidas Guibas},
      year={2016},
      eprint={1612.00603},
      archivePrefix={arXiv},
      primaryClass={cs.CV},
      url={https://arxiv.org/abs/1612.00603}, 
}
@misc{narDataPrivacyPrinciples,
  author       = {{National Association of REALTORS\textsuperscript{\textregistered}}},
  title        = {NAR Principles: Data Privacy and Security},
  year         = {2025},
  url          = {https://www.nar.realtor/data-privacy-and-security/nar-principles},
  note         = {Accessed: 2025-05-02}
}

@misc{veritas2024,
  author       = {Alex Ozdemir and Evan Laufer and Dan Boneh},
  title        = {{VerITAS: Verifying Image Transformations at Scale}},
  howpublished = {\url{https://eprint.iacr.org/2024/1066}},
  year         = {2024},
  note         = {Cryptology ePrint Archive, Report 2024/1066}
}

@online{nij_dna_integrity,
  author       = {{National Institute of Justice}},
  title        = {Crime Scene Integrity},
  year         = {n.d.},
  url          = {https://nij.ojp.gov/nij-hosted-online-training-courses/what-every-law-enforcement-officer-should-know-about-dna/officer-responsibilities/crime-scene-integrity},
  note         = {Accessed: 2025-04-29},
  organization = {U.S. Department of Justice, Office of Justice Programs}
}

@article{kowbuz2020crime,
  author       = {Dan Kowbuz},
  title        = {How 3D Scanning Rebuilds Crime Scenes for Courtrooms},
  journal      = {GIM International},
  year         = {2020},
  month        = {May},
  url          = {https://www.gim-international.com/content/article/how-3d-scanning-rebuilds-crime-scenes-for-courtrooms},
  note         = {Accessed: 2025-05-01}
}

@misc{nij2021scanning,
  author       = {{National Institute of Justice}},
  title        = {Crime Scene Documentation: Weighing the Merits of Three-Dimensional Laser Scanning},
  year         = {2021},
  url          = {https://nij.ojp.gov/topics/articles/crime-scene-documentation-weighing-merits-three-dimensional-laser-scanning},
  note         = {Accessed: 2025-05-01}
}


